<?xml version="1.0" encoding="UTF-8"?><collection xmlns="http://www.loc.gov/MARC21/slim"><record><leader>00366nam--2200133-i-4500</leader><controlfield tag="001">000012677</controlfield><controlfield tag="002">20161230</controlfield><controlfield tag="005">20161230201029</controlfield><controlfield tag="008">060222s1000------------r-----000-0-eng-d</controlfield><datafield ind1=" " ind2=" " tag="080"><subfield code="a">681.3.016. 519.683.5(047.3)</subfield></datafield><datafield ind1=" " ind2=" " tag="100"><subfield code="a">Corbiletto,R., Segre G</subfield></datafield><datafield ind1=" " ind2=" " tag="245"><subfield code="a">Programmazione reticolare</subfield></datafield><datafield ind1=" " ind2=" " tag="260"><subfield code="a">Roma, Comitato Nazionale Energia Nucleare, 1977 37 P</subfield></datafield><datafield ind1=" " ind2=" " tag="852"><subfield code="a">17.340</subfield></datafield></record></collection>